
@article{witjes2021spatiotemporal,
  title={{A spatiotemporal ensemble machine learning framework for generating land use/land cover time-series maps for Europe (2000--2019) based on LUCAS, CORINE and GLAD Landsat}},
  author={Witjes, Martijn and Parente, Leandro and van Diemen, Chris J and Hengl, Tomislav and Landa, Martin and Brodsky, Lukas and Halounova, Lena and Krizan, Josip and Antonic, Luka and Ilie, Codrina M and others},
  year={2021?},
  journal={PeerJ},
  doi={https://doi.org/10.21203/rs.3.rs-561383/v2},
  issue={in review}
}

@book{lamigueiro2014displaying,
  title={{Displaying Time Series, Spatial, and Space-Time Data with R}},
  author={Lamigueiro, O.P.},
  isbn={9781498786669},
  series={Chapman \& Hall/CRC The R Series},
  year={2014},
  publisher={CRC Press}
}

@article{pebesma2012spacetime,
  title={{spacetime: Spatio-temporal data in R}},
  author={Pebesma, Edzer and others},
  journal={Journal of statistical software},
  volume={51},
  number={7},
  pages={1--30},
  url={https://www.jstatsoft.org/article/view/v051i07},
  year={2012}
}

@article{erwig1999spatio,
  title={Spatio-temporal data types: An approach to modeling and querying moving objects in databases},
  author={Erwig, M. and Gu, R. H. and Schneider, M. and Vazirgiannis, M.},
  journal={GeoInformatica},
  volume={3},
  number={3},
  pages={269--296},
  year={1999},
  publisher={Springer}
}

@book{wikle2019spatio,
  title={{Spatio-Temporal Statistics with R}},
  author={Wikle, C.K. and Zammit-Mangion, A. and Cressie, N.},
  isbn={9780429649783},
  lccn={2019717265},
  series={Chapman \& Hall/CRC The R Series},
  year={2019},
  publisher={CRC Press}
}

@article{hijmans2019spatial,
  title={{Spatial data in R}},
  author={Hijmans, Robert J},
  journal={United States: GFC for the Innovation Lab for Collaborative Research on Sustainable Intensification},
  year={2019},
  url={https://rspatial.org/},
}

@book{molnar2020interpretable,
  title={{Interpretable Machine Learning}},
  author={Molnar, C.},
  isbn={9780244768522},
  year={2020},
  publisher={Lulu.com},
  url={https://christophm.github.io/interpretable-ml-book/},
}

@book{baddeley2015spatial,
  title={{Spatial Point Patterns: Methodology and Applications with R}},
  author={Baddeley, A. and Rubak, E. and Turner, R.},
  isbn={9781482210217},
  series={Chapman \& Hall/CRC Interdisciplinary Statistics},
  year={2015},
  publisher={CRC Press}
}

@article{gasch2015spatio,
  title={{Spatio-temporal interpolation of soil water, temperature, and electrical conductivity in 3D+ T: The Cook Agronomy Farm data set}},
  author={Gasch, Caley K and Hengl, Tomislav and Gr{\"a}ler, Benedikt and Meyer, Hanna and Magney, Troy S and Brown, David J},
  journal={Spatial Statistics},
  volume={14},
  pages={70--90},
  year={2015},
  publisher={Elsevier},
  doi={10.1016/j.spasta.2015.04.001}
}

@article{hengl2012spatio,
  title={{Spatio-temporal prediction of daily temperatures using time-series of MODIS LST images}},
  author={Hengl, Tomislav and Heuvelink, Gerard BM and Tadi{\'c}, Melita Per{\v{c}}ec and Pebesma, Edzer J},
  journal={Theoretical and applied climatology},
  volume={107},
  number={1},
  pages={265--277},
  year={2012},
  doi={10.1007/s00704-011-0464-2},
  publisher={Springer}
}

@article{kilibarda2014spatio,
  title={Spatio-temporal interpolation of daily temperatures for global land areas at 1 km resolution},
  author={Kilibarda, Milan and Hengl, Tomislav and Heuvelink, Gerard BM and Gr{\"a}ler, Benedikt and Pebesma, Edzer and Per{\v{c}}ec Tadi{\'c}, Melita and Bajat, Branislav},
  journal={Journal of Geophysical Research: Atmospheres},
  volume={119},
  number={5},
  pages={2294--2313},
  year={2014},
  doi={10.1002/2013JD020803},
  publisher={Wiley Online Library}
}


@article{appel2019demand,
  title={On-demand processing of data cubes from satellite image collections with the gdalcubes library},
  author={Appel, Marius and Pebesma, Edzer},
  journal={Data},
  volume={4},
  number={3},
  pages={92},
  year={2019},
  doi={10.3390/data4030092},
  publisher={Multidisciplinary Digital Publishing Institute}
}


@Book{hastie2009elements,
  Title                    = {{The Elements of Statistical Learning: Data Mining, Inference, and Prediction}},
  Author                   = {Hastie, T.J. and Tibshirani, R.J. and Friedman, J.J.H.},
  Publisher                = {Springer-Verlag New York},
  Year                     = {2009},
  Series                   = {Springer series in statistics},
  ISBN                     = {9780387848587},
  url                      = {https://hastie.su.domains/ElemStatLearn/printings/ESLII_print10.pdf},
  Lccn                     = {2008941148}
}

@article{roberts2017cross,
  title={Cross-validation strategies for data with temporal, spatial, hierarchical, or phylogenetic structure},
  author={Roberts, David R and Bahn, Volker and Ciuti, Simone and Boyce, Mark S and Elith, Jane and Guillera-Arroita, Gurutzeta and Hauenstein, Severin and Lahoz-Monfort, Jos{\'e} J and Schr{\"o}der, Boris and Thuiller, Wilfried},
  journal={Ecography},
  volume={40},
  number={8},
  pages={913--929},
  doi={10.1111/ecog.02881},
  year={2017},
  publisher={Wiley Online Library}
}

@article{pohjankukka2017estimating,
  title={Estimating the prediction performance of spatial models via spatial k-fold cross validation},
  author={Pohjankukka, Jonne and Pahikkala, Tapio and Nevalainen, Paavo and Heikkonen, Jukka},
  journal={International Journal of Geographical Information Science},
  volume={31},
  number={10},
  pages={2001--2019},
  year={2017},
  doi={10.1080/13658816.2017.1346255},
  publisher={Taylor \& Francis}
}

@article{hengl2021african,
  title={African soil properties and nutrients mapped at 30 m spatial resolution using two-scale ensemble machine learning},
  author={Hengl, Tomislav and Miller, Matthew AE and Kri{\v{z}}an, Josip and Shepherd, Keith D and Sila, Andrew and Kilibarda, Milan and Antonijevi{\'c}, Ognjen and Glu{\v{s}}ica, Luka and Dobermann, Achim and Haefele, Stephan M. and McGrath, Steve P. and Acquah, Gifty E. and Collinson, Jamie and Parente, Leandro and Sheykhmousa, Mohammadreza and Saito, Kazuki and Johnson, Jean-Martial and Chamberlin, Jordan and Silatsa, Francis B.T. and Yemefack, Martin and Wendt, John and MacMillan, Robert A. and Wheeler, Ichsani and Crouch, Jonathan},
  journal={Scientific Reports},
  volume={11},
  number={1},
  pages={1--18},
  year={2021},
  doi={10.1038/s41598-021-85639-y},
  publisher={Nature Publishing Group}
}


@article{meyer2021predicting,
  title={Predicting into unknown space? Estimating the area of applicability of spatial prediction models},
  author={Meyer, H. and Pebesma, E.},
  journal={Methods in Ecology and Evolution},
  volume={12},
  number={9},
  pages={1620--1633},
  year={2021},
  doi={10.1111/2041-210X.13650},
  publisher={Wiley Online Library},
}

@Book{kuhn2013applied,
  Title                    = {Applied predictive modeling},
  Author                   = {Kuhn, M. and Johnson, K.},
  Publisher                = {Springer},
  Year                     = {2013},
  Volume                   = {810},
  Pages                    = {595}
}

@Article{JSSv028i05,
  Title                    = {{Building Predictive Models in R Using the caret Package}},
  Author                   = {Kuhn, M.},
  Journal                  = {Journal of Statistical Software},
  Year                     = {2008},
  Number                   = {1},
  Pages                    = {1--26},
  Volume                   = {28},
  Doi                      = {10.18637/jss.v028.i05},
  ISSN                     = {1548--7660},
  Url                      = {https://www.jstatsoft.org/index.php/jss/article/view/v028i05}
}

@Article{Hengl2004AJSR,
  Title                    = {{Soil sampling strategies for spatial prediction by correlation with auxiliary maps}},
  Author                   = {Hengl, T. and Rossiter, D.G. and Stein, A.},
  Journal                  = {Australian Journal of Soil Research},
  Year                     = {2004},
  Number                   = {8},
  Pages                    = {1403-1422},
  doi                      = {10.1071/SR03005},
  Volume                   = {41}
}

@Article{Royle2012,
  Title                    = {Likelihood analysis of species occurrence probability from presence-only data for modelling species distributions},
  Author                   = {Royle, J. Andrew and Chandler, Richard B. and Yackulic, Charles and Nichols, James D.},
  Journal                  = {Methods in Ecology and Evolution},
  Year                     = {2012},
  Number                   = {3},
  Pages                    = {545--554},
  Volume                   = {3},
  Doi                      = {10.1111/j.2041-210X.2011.00182.x},
  ISSN                     = {2041-210X},
  Publisher                = {Blackwell Publishing Ltd}
}

@Book{Bohner2008Hamburg,
  Title                    = {{SAGA --- Seconds Out}},
  Editor                   = {B\"{o}hner, J. and Blaschke, T. and Montanarella, L.},
  Publisher                = {Hamburger Beitr\"{a}ge zur Physischen Geographie und Landschafts\"{o}kologie},
  Year                     = {2008},
  Address                  = {Hamburg},
  Volume                   = {19},
  Pages                    = {113}
}

@article{grafstrom2014efficient,
  title={Efficient sampling strategies for forest inventories by spreading the sample in auxiliary space},
  author={Grafstr{\"o}m, Anton and Saarela, Svetlana and Ene, Liviu Theodor},
  journal={Canadian Journal of Forest Research},
  volume={44},
  number={10},
  pages={1156--1164},
  year={2014},
  doi={10.1139/cjfr-2014-0202},
  publisher={NRC Research Press}
}

@article{brus2015balanced,
  title={Balanced sampling: a versatile sampling approach for statistical soil surveys},
  author={Brus, Dick J},
  journal={Geoderma},
  volume={253},
  pages={111--121},
  doi={10.1016/j.geoderma.2015.04.009},
  year={2015},
  publisher={Elsevier}
}

@article{ma2020comparison,
  title={{Comparison of conditioned Latin hypercube and feature space coverage sampling for predicting soil classes using simulation from soil maps}},
  author={Ma, Tianwu and Brus, Dick J and Zhu, A-Xing and Zhang, Lei and Scholten, Thomas},
  journal={Geoderma},
  volume={370},
  pages={114366},
  doi={10.1016/j.geoderma.2020.114366},
  year={2020},
  publisher={Elsevier}
}

@book{Goerg2013,
    title = {{LICORS: Light Cone Reconstruction of States - Predictive State Estimation From Spatio-Temporal Data}},
    author = {Goerg, G.M.},
    year = {2013},
    note = {R package version 0.2.0},
    publisher = {CRAN},
    url = {https://CRAN.R-project.org/package=LICORS},
}

@book{Roudier2011,
  title  = {{clhs: a R package for conditioned Latin hypercube sampling}},
  author = {Roudier, P.},
  year   = {2021},
  note   = {R package version 0.9.0},
  publisher = {CRAN},
  url = {https://CRAN.R-project.org/package=clhs},
}

@article{shields2016generalization,
  title={The generalization of Latin hypercube sampling},
  author={Shields, Michael D and Zhang, Jiaxin},
  journal={Reliability Engineering \& System Safety},
  volume={148},
  pages={96--108},
  year={2016},
  doi={10.1016/j.ress.2015.12.002},
  publisher={Elsevier}
}

@incollection{roudier2012conditioned,
  title={A conditioned Latin hypercube sampling algorithm incorporating operational constraints},
  author={Roudier, Pierre and Beaudette, DE and Hewitt, AE},
  booktitle={Digital soil assessments and beyond},
  pages={227--231},
  year={2012},
  doi={10.1201/b12728},
  publisher={CRC Press},
  address={London}
}

@Article{minasny2006conditioned,
  Title                    = {A conditioned Latin hypercube method for sampling in the presence of ancillary information},
  Author                   = {Minasny, Budiman and McBratney, Alex B.},
  Journal                  = {Computers \& Geosciences},
  Year                     = {2006},
  Number                   = {9},
  Pages                    = {1378--1388},
  Volume                   = {32},
  doi                      = {10.1016/j.cageo.2005.12.009},
  Publisher                = {Elsevier}
}

@article{brown2015spatially,
  title={Spatially balanced sampling: application to environmental surveys},
  author={Brown, J.A. and Robertson, B.L. and McDonald, T.},
  journal={Procedia Environmental Sciences},
  volume={27},
  pages={6--9},
  doi={10.1016/j.proenv.2015.07.108},
  year={2015},
  publisher={Elsevier}
}

@book{lu2021r,
  title={{R Companion for Sampling: Design and Analysis, Third Edition}},
  author={Lu, Y. and Lohr, S.L.},
  isbn={9781000482058},
  url={https://cran.r-project.org/package=SDAResources},
  year={2021},
  publisher={CRC Press}
}

@article{stumpf2017uncertainty,
  title={Uncertainty-guided sampling to improve digital soil maps},
  author={Stumpf, Felix and Schmidt, Karsten and Goebes, Philipp and Behrens, Thorsten and Sch{\"o}nbrodt-Stitt, Sarah and Wadoux, Alexandre and Xiang, Wei and Scholten, Thomas},
  journal={Catena},
  volume={153},
  doi={10.1016/j.catena.2017.01.033},
  pages={30--38},
  year={2017},
  publisher={Elsevier}
}

@article{Malone2019PeerJ,
 title = {{Some methods to improve the utility of conditioned Latin hypercube sampling}},
 author = {Malone, B.P. and Minansy, B. and Brungard, C.},
 year = {2019},
 month = {feb},
 volume = {7},
 pages = {e6451},
 journal = {PeerJ},
 issn = {2167--8359},
 doi = {10.7717/peerj.6451},
}

@article{meyer2018improving,
  title={Improving performance of spatio-temporal machine learning models using forward feature selection and target-oriented validation},
  author={Meyer, H. and Reudenbach, C. and Hengl, T. and Katurji, M. and Nauss, T.},
  journal={Environmental Modelling \& Software},
  volume={101},
  pages={1--9},
  year={2018},
  doi={10.1016/j.envsoft.2017.12.001},
  publisher={Elsevier}
}

@Article{Conrad2015,
  Title                    = {{System for Automated Geoscientific Analyses (SAGA) v. 2.1.4}},
  Author                   = {Conrad, O. and Bechtel, B. and Bock, M. and Dietrich, H. and Fischer, E. and Gerlitz, L. and Wehberg, J. and Wichmann, V. and B\"ohner, J.},
  Journal                  = {Geoscientific Model Development},
  Year                     = {2015},
  Number                   = {7},
  Pages                    = {1991--2007},
  Volume                   = {8},
  Doi                      = {10.5194/gmd-8-1991-2015},
  Publisher                = {Copernicus GmbH}
}

@Book{deGruijter2006sampling,
  Title                    = {Sampling for Natural Resource Monitoring},
  Author                   = {{de Gruijter}, J.J. and Brus, D.J. and Bierkens, M.F.P. and Knotters, M.},
  Publisher                = {Springer},
  Year                     = {2006},
  Address                  = {London},
  ISBN                     = {9783540331612}
}

@article{yang2020evaluation,
  title={Evaluation of conditioned Latin hypercube sampling for soil mapping based on a machine learning method},
  author={Yang, Lin and Li, Xinming and Shi, Jingjing and Shen, Feixue and Qi, Feng and Gao, Binbo and Chen, Ziyue and Zhu, A-Xing and Zhou, Chenghu},
  journal={Geoderma},
  volume={369},
  pages={114337},
  doi={10.1016/j.geoderma.2020.114337},
  year={2020},
  publisher={Elsevier}
}

@Book{Brus2021sampling,
  Title                    = {{Spatial Sampling with R}},
  Author                   = {Brus, D.J.},
  Publisher                = {Taylor \& Francis},
  Series                   = {CRC The R Series},
  Year                     = {2021},
  Address                  = {London},
  Pages                    = {544},
  ISBN                     = {9781032193854}
}

@Book{Bivand2013Springer,
  Title                    = {{Applied Spatial Data Analysis with R}},
  Author                   = {Bivand, R. and Pebesma, E. and Rubio, V.},
  Publisher                = {Springer},
  Year                     = {2013},
  Address                  = {Heidelberg},
  Edition                  = {2nd},
  Series                   = {Use R Series},
  Pages                    = {401}
}

@Article{Brus2011EJSS,
  Title                    = {Sampling for validation of digital soil maps},
  Author                   = {Brus, D.J. and Kempen, B. and Heuvelink, G.B.M.},
  Journal                  = {European Journal of Soil Science},
  Year                     = {2011},
  Number                   = {3},
  Pages                    = {394--407},
  Volume                   = {62},
  Doi                      = {10.1111/j.1365-2389.2011.01364.x},
  ISSN                     = {1365-2389},
  Publisher                = {Blackwell Publishing Ltd}
}

@Article{Brus2007Geoderma,
  Title                    = {{Optimization of sample patterns for universal kriging of environmental variables}},
  Author                   = {Brus, D.~J. and Heuvelink, G.~B.~M.},
  Journal                  = {Geoderma},
  Year                     = {2007},
  Number                   = {1-2},
  Pages                    = {86-95},
  Volume                   = {138},
  Publisher                = {Elsevier}
}

@article{BRUS2019464,
title = {{Sampling for digital soil mapping: A tutorial supported by R scripts}},
journal = "Geoderma",
volume = "338",
pages = "464 - 480",
year = "2019",
issn = "0016-7061",
doi = "10.1016/j.geoderma.2018.07.036",
author = "Brus, D.J.",
}

@book{zhang2012ensemble,
  title={Ensemble Machine Learning: Methods and Applications},
  author={Zhang, C. and Ma, Y.},
  isbn={9781441993250},
  lccn={2012930830},
  year={2012},
  publisher={Springer New York}
}

@book{Heuvelink2021SS,
  title={Design-based methods for assessing map accuracy},
  author={Heuvelink, Gerard},
  publisher={OpenGeoHub Foundation},
  year={2021},
  doi={10.5446/54877},
  series={OpenGeoHub Summer School 2021},
}

@Book{schabenberger2005statistical,
  Title                    = {Statistical methods for spatial data analysis},
  Author                   = {Schabenberger, O. and Gotway, C.~A.},
  Publisher                = {Chapman \& Hall/CRC},
  Year                     = {2005},
  Series                   = {Texts in statistical science},
  ISBN                     = {9781584883227},
  Lccn                     = {04043107}
}

@article{bischl2016mlr,
  title={{mlr: Machine Learning in R}},
  author={Bischl, Bernd and Lang, Michel and Kotthoff, Lars and Schiffner, Julia and Richter, Jakob and Studerus, Erich and Casalicchio, Giuseppe and Jones, Zachary M},
  journal={The Journal of Machine Learning Research},
  volume={17},
  number={1},
  pages={5938--5942},
  year={2016},
  url={https://jmlr.org/papers/v17/15-066.html}
}

@book{polley2010super,
  title={Super learner in prediction},
  author={Polley, Eric C and {Van Der Laan}, Mark J},
  year={2010},
  publisher={U.C. Berkeley Division of Biostatistics},
  series={Working Paper Series},
  pages={1-19}
}

@book{hengl2019predictive,
  title={{Predictive soil mapping with R}},
  author={Hengl, T. and MacMillan, R.A.},
  isbn={9780359306350},
  year={2019},
  address={Wageningen},
  url={https://soilmapper.org},
  pages={370},
  publisher={OpenGeoHub Foundation}
}

@article{hengl2015plotkml,
  title={{plotKML: Scientific visualization of spatio-temporal data}},
  author={Hengl, T. and Roudier, P. and Beaudette, D. and Pebesma, E.},
  journal={Journal of Statistical Software},
  volume={63},
  number={5},
  pages={1--25},
  year={2015},
  doi={10.18637/jss.v063.i05},
  publisher={Foundation for Open Access Statistics}
}

@book{lovelace2019geocomputation,
  title={{Geocomputation with R}},
  author={Lovelace, R. and Nowosad, J. and Muenchow, J.},
  isbn={9781351396899},
  lccn={2020693327},
  series={Chapman \& Hall/CRC The R Series},
  year={2019},
  publisher={CRC Press}
}

@article{malone2009mapping,
  title={Mapping continuous depth functions of soil carbon storage and available water capacity},
  author={Malone, B.P. and McBratney, A.B. and Minasny, B. and Laslett, G.M.},
  journal={Geoderma},
  volume={154},
  number={1-2},
  pages={138--152},
  doi={10.1016/j.geoderma.2009.10.007},
  year={2009},
  publisher={Elsevier}
}

@article{behrens2018spatial,
  title={Spatial modelling with Euclidean distance fields and machine learning},
  author={Behrens, Thorsten and Schmidt, Karsten and Viscarra Rossel, Raphael A and Gries, Philipp and Scholten, Thomas and MacMillan, Robert A},
  journal={European journal of soil science},
  volume={69},
  number={5},
  pages={757--770},
  year={2018},
  publisher={Wiley Online Library}
}

@article{Wadoux2021EM,
title = {Spatial cross-validation is not the right way to evaluate map accuracy},
journal = {Ecological Modelling},
volume = {457},
pages = {109692},
year = {2021},
issn = {0304-3800},
doi = {10.1016/j.ecolmodel.2021.109692},
author = {Wadoux, Alexandre M.J.-C. and Heuvelink, Gerard B.M. and {de Bruin}, Sytze and Brus, Dick J.},
}

@article{hengl2018random,
  title={Random forest as a generic framework for predictive modeling of spatial and spatio-temporal variables},
  author={Hengl, T. and Nussbaum, M. and Wright, M.N. and Heuvelink, G.B.M. and Gr{\"a}ler, B.},
  journal={PeerJ},
  volume={6},
  pages={e5518},
  year={2018},
  doi={10.7717/peerj.5518}
}

@article{diggle1998model,
  title={Model-based geostatistics},
  author={Diggle, Peter J and Tawn, Jonathan A and Moyeed, Rana A},
  journal={Journal of the Royal Statistical Society: Series C (Applied Statistics)},
  volume={47},
  number={3},
  pages={299--350},
  year={1998},
  publisher={Wiley Online Library}
}

@article{moller2020oblique,
  title={Oblique geographic coordinates as covariates for digital soil mapping},
  author={M{\o}ller, Anders Bj{\o}rn and Beucher, Am{\'e}lie Marie and Pouladi, Nastaran and Greve, Mogens Humlekrog},
  journal={SOIL},
  volume={6},
  number={2},
  pages={269--289},
  year={2020},
  publisher={Copernicus GmbH}
}

@article{sekulic2020random,
  title={Random Forest Spatial Interpolation},
  author={Sekuli{\'c}, Aleksandar and Kilibarda, Milan and Heuvelink, Gerard and Nikoli{\'c}, Mladen and Bajat, Branislav},
  journal={Remote Sensing},
  volume={12},
  number={10},
  pages={1687},
  year={2020},
  publisher={Multidisciplinary Digital Publishing Institute}
}

@article{Robinson1991,
author = {Robinson, G. K.},
title = {{That BLUP is a Good Thing: The Estimation of Random Effects}},
volume = {6},
journal = {Statistical Science},
number = {1},
publisher = {Institute of Mathematical Statistics},
pages = {15--32},
year = {1991},
doi = {10.1214/ss/1177011926},
URL = {https://doi.org/10.1214/ss/1177011926}
}

@Book{Venables2002Springer,
  Title                    = {{Modern applied statistics with S}},
  Author                   = {Venables, W.N. and Ripley, B.D.},
  Publisher                = {Springer-Verlag},
  Year                     = {2002},
  Address                  = {New York},
  Edition                  = {4th},
  Pages                    = {481}
}

@article{lu2021unified,
  title={A Unified Framework for Random Forest Prediction Error Estimation.},
  author={Lu, Benjamin and Hardin, Johanna},
  journal = {Journal of Machine Learning Research},
  year    = {2021},
  volume  = {22},
  number  = {8},
  pages   = {1--41},
  url     = {http://jmlr.org/papers/v22/18-558.html}
}

@Article{wright2017ranger,
  Title                    = {{ranger: A Fast Implementation of Random Forests for High Dimensional Data in C++ and R}},
  Author                   = {Wright, Marvin N and Ziegler, Andreas},
  Journal                  = {Journal of Statistical Software},
  Year                     = {2017},
  Number                   = {1},
  Doi                      = {10.18637/jss.v077.i01},
  Pages                    = {1--17},
  Volume                   = {77}
}
